@misc{glider - lifewiki_2017, title={Glider}, 
url={http://www.conwaylife.com/w/index.php?title=Glider&oldid=39734}, 
journal={Glider - LifeWiki}, year={2017}, month={Aug}}
