@misc{asimpson,
	author = {Wikipedia contributors},
	title = {Adaptive Simpson's method --- Wikipedia{,} The Free Encyclopedia},
	date = {date},
	note = {[Online; accessed 21-December-2017]},
	year = {2017},
	url = {\url{https://en.wikipedia.org/w/index.php?title=Adaptive_Simpson%27s_method&oldid=787637202}},
		}
